<?xml version="1.0" encoding="UTF-8"?><collection xmlns="http://www.loc.gov/MARC21/slim"><record><leader>00445nam--2200181-u-4500</leader><controlfield tag="001">000053855</controlfield><controlfield tag="002">20161230</controlfield><controlfield tag="005">20161230201051</controlfield><controlfield tag="008">110628s1000------------r-----000-0-rus-d</controlfield><datafield ind1=" " ind2=" " tag="040"><subfield code="a">IFIN-HH</subfield></datafield><datafield ind1=" " ind2=" " tag="041"><subfield code="a">rus</subfield></datafield><datafield ind1=" " ind2=" " tag="080"><subfield code="a">537.6</subfield></datafield><datafield ind1="1" ind2=" " tag="100"><subfield code="a">Cecernikov, V.I</subfield></datafield><datafield ind1="1" ind2="0" tag="245"><subfield code="a">Magnitnie izmerenia</subfield><subfield code="c">V.i. cecernikov</subfield></datafield><datafield ind1=" " ind2=" " tag="260"><subfield code="a">Moskva</subfield><subfield code="b">Moskovskogo Universiteta</subfield><subfield code="c">1963</subfield></datafield><datafield ind1=" " ind2=" " tag="300"><subfield code="a">285P</subfield></datafield><datafield ind1=" " ind2=" " tag="852"><subfield code="a">75246</subfield><subfield code="c">537:538</subfield></datafield><datafield ind1=" " ind2=" " tag="CAT"><subfield code="a">Sys</subfield><subfield code="c">20110628</subfield><subfield code="h">115633</subfield></datafield></record></collection>